<record><leader>02669cam a22005058i 45 0</leader><controlfield tag="001">6803657</controlfield><controlfield tag="003">OCoLC</controlfield><controlfield tag="005">20150211134924.0</controlfield><controlfield tag="006">m    |o  d |      </controlfield><controlfield tag="007">cr*|||||||||||</controlfield><controlfield tag="008">140820s2015    nyu     ob    001 0 eng  </controlfield><datafield ind1=" " ind2=" " tag="010"><subfield code="a">  2014033159</subfield></datafield><datafield ind1=" " ind2=" " tag="015"><subfield code="a">GBB4D3392</subfield><subfield code="2">bnb</subfield></datafield><datafield ind1="7" ind2=" " tag="016"><subfield code="a">016954566</subfield><subfield code="2">Uk</subfield></datafield><datafield ind1=" " ind2=" " tag="020"><subfield code="a">9781107338784 (ebook)</subfield></datafield><datafield ind1=" " ind2=" " tag="020"><subfield code="a">9781107043596 (hardback)</subfield></datafield><datafield ind1=" " ind2=" " tag="020"><subfield code="a">110704359X (hardback)</subfield></datafield><datafield ind1=" " ind2=" " tag="020"><subfield code="a">9781107043596 (paperback)</subfield></datafield><datafield ind1=" " ind2=" " tag="020"><subfield code="a">110704359X (paperback)</subfield></datafield><datafield ind1=" " ind2=" " tag="035"><subfield code="a">ocn903346456</subfield></datafield><datafield ind1=" " ind2=" " tag="040"><subfield code="a">DLC</subfield><subfield code="b">eng</subfield><subfield code="e">rda</subfield><subfield code="c">DLC</subfield><subfield code="d">OCLCO</subfield><subfield code="d">BTCTA</subfield><subfield code="d">UKMGB</subfield><subfield code="d">AEU</subfield></datafield><datafield ind1=" " ind2=" " tag="042"><subfield code="a">pcc</subfield></datafield><datafield ind1=" " ind2=" " tag="043"><subfield code="a">e-it---</subfield></datafield><datafield ind1="0" ind2="0" tag="050"><subfield code="a">NB623.B9</subfield><subfield code="b">A64 2014b</subfield></datafield><datafield ind1="0" ind2="0" tag="082"><subfield code="a">730.92</subfield><subfield code="2">23</subfield></datafield><datafield ind1=" " ind2=" " tag="084"><subfield code="a">ART000000</subfield><subfield code="2">bisacsh</subfield></datafield><datafield ind1=" " ind2=" " tag="090"><subfield code="a">Internet Access</subfield><subfield code="b">AEU</subfield></datafield><datafield ind1="1" ind2=" " tag="100"><subfield code="a">Paoletti, John T.,</subfield><subfield code="e">author.</subfield></datafield><datafield ind1="1" ind2="0" tag="245"><subfield code="a">Michelangelo's David :</subfield><subfield code="b">Florentine history and civic identity /</subfield><subfield code="c">John T. Paoletti, Wesleyan University ; with documents newly transcribed and edited by Rolf Bagemihl.</subfield></datafield><datafield ind1=" " ind2="1" tag="264"><subfield code="a">New York :</subfield><subfield code="b">Cambridge University Press,</subfield><subfield code="c">2015.</subfield></datafield><datafield ind1=" " ind2=" " tag="300"><subfield code="a">1 online resource.</subfield></datafield><datafield ind1=" " ind2=" " tag="336"><subfield code="a">text</subfield><subfield code="2">rdacontent</subfield></datafield><datafield ind1=" " ind2=" " tag="337"><subfield code="a">computer</subfield><subfield code="2">rdamedia</subfield></datafield><datafield ind1=" " ind2=" " tag="338"><subfield code="a">online resource</subfield><subfield code="2">rdacarrier</subfield></datafield><datafield ind1=" " ind2=" " tag="504"><subfield code="a">Includes bibliographical references and index.</subfield></datafield><datafield ind1=" " ind2=" " tag="506"><subfield code="a">Access restricted to authorized users and institutions.</subfield></datafield><datafield ind1=" " ind2=" " tag="520"><subfield code="a">"This book takes a new look at the interpretations of, and the historical information surrounding, Michelangelo's David. New documentary materials discovered by Rolf Bagemihl add to the early history of the stone block that became the David and provide an identity for the painted terracotta colossus that stood on the cathedral buttresses for which Michelangelo's statue was to be a companion. The David, with its placement at the Palazzo della Signoria, was deeply implicated in the civic history of Florence, where public nakedness played a ritual role in the military and in the political lives of its people. This book, then, places the David not only within the artistic history of Florence and its monuments but also within the popular culture of the period as well"--</subfield><subfield code="c">Provided by publisher.</subfield></datafield><datafield ind1=" " ind2=" " tag="596"><subfield code="a">44</subfield></datafield><datafield ind1="0" ind2="0" tag="600"><subfield code="a">Michelangelo Buonarroti,</subfield><subfield code="d">1475-1564.</subfield><subfield code="t">David.</subfield></datafield><datafield ind1=" " ind2="0" tag="650"><subfield code="a">Art and society</subfield><subfield code="z">Italy</subfield><subfield code="z">Florence</subfield><subfield code="x">History</subfield><subfield code="y">16th century.</subfield></datafield><datafield ind1=" " ind2="0" tag="651"><subfield code="a">Florence (Italy)</subfield><subfield code="x">Symbolic representation.</subfield></datafield><datafield ind1=" " ind2="0" tag="651"><subfield code="a">Florence (Italy)</subfield><subfield code="x">Politics and government</subfield><subfield code="y">1421-1737.</subfield></datafield><datafield ind1="1" ind2=" " tag="700"><subfield code="a">Bagemihl, Rolf.</subfield></datafield><datafield ind1="4" ind2="0" tag="856"><subfield code="3">University of Alberta Access</subfield><subfield code="u">http://dx.doi.org/10.1017/CBO9781107338784</subfield></datafield><datafield ind1=" " ind2=" " tag="926"><subfield code="a">Internet Access</subfield><subfield code="w">LC</subfield><subfield code="c">1</subfield><subfield code="i">6803657-1001</subfield><subfield code="l">INTERNET</subfield><subfield code="m">UAINTERNET</subfield><subfield code="r">Y</subfield><subfield code="s">Y</subfield><subfield code="t">E-RESOURCE</subfield><subfield code="u">2/11/2015</subfield><subfield code="x">E-BOOK</subfield><subfield code="z">CBO</subfield></datafield></record>